<record><leader>00000cas a22000007a 4500</leader><controlfield tag="001">25183786</controlfield><controlfield tag="008">920129d18uu190uctuwr ne      0    0eng d</controlfield><datafield ind1=" " ind2=" " tag="010"><subfield code="a">sn 92051137 </subfield></datafield><datafield ind1=" " ind2=" " tag="040"><subfield code="a">CNW</subfield><subfield code="b">eng</subfield><subfield code="c">CNW</subfield><subfield code="d">OCL</subfield><subfield code="d">OCLCQ</subfield><subfield code="d">OCLCF</subfield><subfield code="d">OCLCO</subfield></datafield><datafield ind1=" " ind2=" " tag="042"><subfield code="a">msc</subfield></datafield><datafield ind1=" " ind2=" " tag="043"><subfield code="a">n-us-ct</subfield></datafield><datafield ind1="0" ind2="0" tag="245"><subfield code="a">Farmington Valley herald &amp; journal.</subfield></datafield><datafield ind1="3" ind2="0" tag="246"><subfield code="a">Farmington Valley herald and journal</subfield></datafield><datafield ind1=" " ind2=" " tag="260"><subfield code="a">Hartford, Conn. :</subfield><subfield code="b">North &amp; Late</subfield></datafield><datafield ind1=" " ind2=" " tag="300"><subfield code="a">v.</subfield></datafield><datafield ind1=" " ind2=" " tag="310"><subfield code="a">Weekly</subfield></datafield><datafield ind1=" " ind2=" " tag="500"><subfield code="a">Published as: Farmington Valley herald and journal, &lt;Mar. 23-Aug. 17, 1901&gt;.</subfield></datafield><datafield ind1=" " ind2=" " tag="530"><subfield code="a">Available on microfilm from Connecticut State Library, Hartford, Conn.</subfield></datafield><datafield ind1=" " ind2=" " tag="580"><subfield code="a">Absorbed: Wethersfield farmer, 189, and: Farmers and mechanics journal, 189, and: Tunxis Valley herald, 188.</subfield></datafield><datafield ind1=" " ind2=" " tag="588"><subfield code="a">Description based on: Vol. 9, no. 5 (Jan. 4, 1895).</subfield></datafield><datafield ind1=" " ind2="0" tag="651"><subfield code="a">Hartford (Conn.)</subfield><subfield code="v">Newspapers.</subfield></datafield><datafield ind1=" " ind2="0" tag="651"><subfield code="a">Hartford County (Conn.)</subfield><subfield code="v">Newspapers.</subfield></datafield><datafield ind1=" " ind2="7" tag="655"><subfield code="a">Newspapers.</subfield><subfield code="2">fast</subfield><subfield code="0">(OCoLC)fst01423814</subfield></datafield><datafield ind1=" " ind2="7" tag="651"><subfield code="a">Connecticut</subfield><subfield code="z">Hartford.</subfield><subfield code="2">fast</subfield><subfield code="0">(OCoLC)fst01207441</subfield></datafield><datafield ind1=" " ind2="7" tag="651"><subfield code="a">Connecticut</subfield><subfield code="z">Hartford County.</subfield><subfield code="2">fast</subfield><subfield code="0">(OCoLC)fst01211874</subfield></datafield><datafield ind1=" " ind2=" " tag="752"><subfield code="a">United States</subfield><subfield code="b">Connecticut</subfield><subfield code="c">Hartford</subfield><subfield code="d">Hartford.</subfield></datafield><datafield ind1="1" ind2="5" tag="780"><subfield code="t">Wethersfield farmer</subfield><subfield code="w">(DLC)sn 92051140</subfield><subfield code="w">(OCoLC)25183662</subfield></datafield><datafield ind1="1" ind2="5" tag="780"><subfield code="t">Farmers and mechanics journal</subfield><subfield code="w">(DLC)sn 92051139</subfield><subfield code="w">(OCoLC)25184011</subfield></datafield><datafield ind1="1" ind2="5" tag="780"><subfield code="t">Tunxis Valley herald</subfield></datafield><datafield ind1="0" ind2="0" tag="785"><subfield code="t">Farmington Valley herald</subfield><subfield code="w">(DLC)sn 82014596</subfield><subfield code="w">(OCoLC)8786468</subfield></datafield></record>